%! Author = emanu
%! Date = 22/12/2023

